@MISC{nvidia,
    author =       "Sean O'Neil",
    title =        "Accurate Atmospheric Scattering",
    url =          "https://developer.nvidia.com/gpugems/GPUGems2/gpugems2_chapter16.html",
    keywords =     "graphics"
}

@book{ingemar,
    author    = "Ingemar Ragnemalm",
    title     = "Polygons feel no pain",
    year      = "2016",
    publisher = "",
    address   = ""
}

@MISC{quilt,
    author =       "Alexei A. Efros, William T. Freeman",
    title =        "Image Quilting for Texture Synthesis and Transfer",
    url =          "https://www2.eecs.berkeley.edu/Research/Projects/CS/vision/papers/",
    keywords =     "graphics"
}
